<record><leader>00000cas a22000007a 4500</leader><controlfield tag="001">23885781</controlfield><controlfield tag="008">910605c19779999nyuwr ne      0    0eng d</controlfield><datafield ind1=" " ind2=" " tag="010"><subfield code="a">sn 91066549 </subfield></datafield><datafield ind1=" " ind2=" " tag="040"><subfield code="a">NYS</subfield><subfield code="b">eng</subfield><subfield code="c">NYS</subfield><subfield code="d">OCLCQ</subfield></datafield><datafield ind1=" " ind2=" " tag="042"><subfield code="a">msc</subfield></datafield><datafield ind1="0" ind2="0" tag="245"><subfield code="a">Independent Republican, 1812.</subfield></datafield><datafield ind1=" " ind2=" " tag="260"><subfield code="a">Goshen, Orange County, N.Y. :</subfield><subfield code="b">Orange Offset Corp.,</subfield><subfield code="c">1977-</subfield></datafield><datafield ind1=" " ind2=" " tag="300"><subfield code="a">v. :</subfield><subfield code="b">ill.</subfield></datafield><datafield ind1=" " ind2=" " tag="310"><subfield code="a">Weekly</subfield></datafield><datafield ind1="0" ind2=" " tag="362"><subfield code="a">Vol. 166, no. 48 (Nov. 30, 1977)-</subfield></datafield><datafield ind1=" " ind2="4" tag="651"><subfield code="a">Goshen (N.Y.)</subfield><subfield code="v">Newspapers.</subfield></datafield><datafield ind1=" " ind2=" " tag="752"><subfield code="a">United States</subfield><subfield code="b">New York</subfield><subfield code="c">Orange</subfield><subfield code="d">Goshen.</subfield></datafield><datafield ind1="0" ind2="0" tag="780"><subfield code="t">Independent Republican (Goshen, N.Y. : 1948)</subfield><subfield code="w">(DLC)sn 88075851</subfield><subfield code="w">(OCoLC)18953552</subfield></datafield><datafield ind1="1" ind2=" " tag="029"><subfield code="a">AU@</subfield><subfield code="b">000025908780</subfield></datafield></record>